% This file was created with Citavi 6.3.0.0

@article{,
 year = {2007},
 title = {The LaTeX Graphics Companion},
 pages = {206},
 number = {23},
 issn = {0724-8679},
 journal = {c't - Magazin f{\"u}r Computertechnik}
}


@book{Ber,
 author = {Berndt, Tobias},
 title = {LATEX : der typographische Einstieg},
 isbn = {9783827326591}
}


@article{Mah,
 author = {Mahlberg, Paul G.},
 year = {1993},
 title = {Laticifers: An Historical Perspective},
 pages = {1--23},
 volume = {59},
 number = {1},
 issn = {18749372},
 journal = {Botanical Review}
}


@book{Mit,
 author = {Mittelbach, Frank},
 title = {Der LATEX-Begleiter},
 isbn = {382737166X}
}


@book{Vo,
 author = {Vo{\ss}, Herbert},
 title = {Einf{\"u}hrung in LaTeX},
 isbn = {9783865417985}
}


